<?xml version="1.0" encoding="UTF-8"?><collection><record><leader>06745ntm a2200601 a 4500</leader><controlfield tag="001">006832859</controlfield><controlfield tag="003">MiAaHDL</controlfield><controlfield tag="005">20190719000000.0</controlfield><controlfield tag="006">m        d        </controlfield><controlfield tag="007">cr bn ---auaua</controlfield><controlfield tag="008">090629s1676    ua            00| ||ara d</controlfield><datafield tag="035" ind1=" " ind2=" "><subfield code="a">(MiU)006832859</subfield></datafield><datafield tag="035" ind1=" " ind2=" "><subfield code="a">sdr-miu006832859</subfield></datafield><datafield tag="040" ind1=" " ind2=" "><subfield code="a">MiU</subfield><subfield code="c">MiU</subfield><subfield code="e">amremm</subfield></datafield><datafield tag="043" ind1=" " ind2=" "><subfield code="a">n-us-mi</subfield></datafield><datafield tag="100" ind1="1" ind2=" "><subfield code="6">880-01</subfield><subfield code="a">Taftāzānī, Masʻūd ibn ʻUmar,</subfield><subfield code="d">1322-1389?</subfield></datafield><datafield tag="240" ind1="1" ind2="0"><subfield code="6">880-02</subfield><subfield code="a">Sharḥ ʻalá al-Taṣrīf al-ʻIzzī</subfield></datafield><datafield tag="245" ind1="1" ind2="0"><subfield code="6">880-03</subfield><subfield code="a">Hādhā Kitāb Sharḥ al-Taṣrīf lil-Zanjānī,</subfield><subfield code="f">[1087, i.e. 1676].</subfield></datafield><datafield tag="246" ind1="3" ind2="8"><subfield code="a">شرح السعد لتصريف الزنجاني</subfield></datafield><datafield tag="260" ind1=" " ind2=" "><subfield code="a">[Cairo?,</subfield><subfield code="c">1676].</subfield></datafield><datafield tag="300" ind1=" " ind2=" "><subfield code="a">65 leaves :</subfield><subfield code="b">paper ;</subfield><subfield code="c">185-203 x 180 (145 x 87) mm. bound to 221 x 185 mm.</subfield></datafield><datafield tag="500" ind1=" " ind2=" "><subfield code="a">Shelfmark: Ann Arbor, University of Michigan, Special Collections Library, Isl. Ms. 970</subfield></datafield><datafield tag="500" ind1=" " ind2=" "><subfield code="a">Origin: As appears in colophon on pp.128-129, copied by Muḥammad ibn Yūsuf ibn ʻAlī al-Qāhirī al-Azharī al-Shāfiʻī with transcription completed 6 Ramaḍān 1087 [ca. 15 November 1676].</subfield></datafield><datafield tag="500" ind1=" " ind2=" "><subfield code="a">Former shelfmark: Mich. Isl. Ms. temp. no. 119</subfield></datafield><datafield tag="500" ind1=" " ind2=" "><subfield code="a">Binding: Boards covered in dark green cloth with dark green leather over spine (quarter binding), serving as a custom wrapper or case in portfolio style with flaps extending from the edges of the lower board and cloth tape tie closure ; board linings and flap coverings in wove paper printed with a floral vegetal pattern in green ; spine gold-stamped with title and decorative accents "شرح السعد للتصريف الزنجاني | J.H.D." ; sewing virtually gone (occasional trace of primaries in yellow), though originally in two stations, many bifolia split ; textblock dramatically and very unevenly trimmed (most of upper margin lost except where glosses present) and set into portfolio (now fitting large) ; overall in fairly good condition.</subfield></datafield><datafield tag="500" ind1=" " ind2=" "><subfield code="a">Support: European laid paper with 7 laid lines per cm. (vertical), chain lines spaced 23-24 mm. apart (horizontal), three crescents watermark (75 mm. tall, parallel to chains, see p.28, 29, etc.), and "AD" countermark (see p.9, etc.) ; light cream in color, well-burnished to glossy, sturdy though quite crisp and fairly transluscent ; staining.</subfield></datafield><datafield tag="500" ind1=" " ind2=" "><subfield code="a">Decoration: Headings, some keywords and text being commented upon rubricated ; textual dividers in the form of inverted commas in red.</subfield></datafield><datafield tag="500" ind1=" " ind2=" "><subfield code="a">Script: Naskh ; compact, angular Egyptian hand in a medium line ; seriffed with blob or dot-like serifs (resembling the dots used for pointing) on most ascenders, slight effect of tilt to the left, mainly curvilinear descenders, pointing in distinct dots, alif maqṣūrah usually pointed as yāʼ ; extensively vocalized.</subfield></datafield><datafield tag="500" ind1=" " ind2=" "><subfield code="a">Layout: Written in 21 lines per page ; frame-ruled.</subfield></datafield><datafield tag="500" ind1=" " ind2=" "><subfield code="a">Collation: V-1 (9), 5 V(59), III (65) ; Chiefly quinions ; catchwords present ; pagination in pencil, Western numerals, presumably supplied during digitization.</subfield></datafield><datafield tag="500" ind1=" " ind2=" "><subfield code="a">Colophon: "Scribal," rectangular and triangular, reads "تم الكتاب بحمد الله وعونه ووافق الفراغ منه في صبيحة يوم الخميس المبارك سادس شهر رمضان المعظم قدره من شهور سنة سبعة وثمانين والف من الهجرة النبوية على صاحبها افضل الصلاة والسلام وعلقها بيده الفانية افقر خلق الله واحوجهم الى عفوه ومغفرته محمد بن يوسف ابن علي بن ابي جميل القاهري منشأ الازهري سكنا ومجاورة الشافعي مذهبا غفر الله له ولوالديه وللمسلمين امين م"</subfield></datafield><datafield tag="500" ind1=" " ind2=" "><subfield code="a">Explicit: "او فتحة او غيرها للنوع وكذلك البواقي والله اعلم بالصواب واليه المرجع المآب وصلى الله على سيدنا محمد وعلى آله وصحبه"</subfield></datafield><datafield tag="500" ind1=" " ind2=" "><subfield code="a">Incipit: "ان اروى زهر يخرج في رياض الكلام من الاكمام ... حمدا لله على كل تواتر نعمائة الزاهرة الظاهرة وترادف الائه المتوافرة المتظاهرة ... وبعد فيقول الفقير الى الله الغني مسعود بن عمر القاضي التفتازاني ... لما رأيت مختصر التصريف الذي صنفه الامام الفاضل العالم قدوة المحققين عز الملة والدين الزنجاني رحمه الله مختصرا ينطوي على مباحث شريفة ويحتوي على قواعد لطيفة سنح لي ان اشرحه شرحا ..."</subfield></datafield><datafield tag="500" ind1=" " ind2=" "><subfield code="a">Title from 'title page' inscription (p.1).</subfield></datafield><datafield tag="500" ind1=" " ind2=" "><subfield code="a">Ms. codex.</subfield></datafield><datafield tag="510" ind1="4" ind2=" "><subfield code="a">Brockelmann, C. GAL,</subfield><subfield code="c">I 283 15.(16.)/I. cmtre. 1 ; S I 497-98</subfield></datafield><datafield tag="520" ind1="8" ind2=" "><subfield code="a">Careful copy of the popular commentary by al-Taftāzānī on the celebrated treatise on morphology (ṣarf) by ʻIzz al-Dīn ʻAbd al-Wahhāb ibn Ibrāhīm al-Zanjānī (fl. mid 13th century), known as Mabādiʼ al-taṣrīf or al-Taṣrīf al-ʻIzzī.</subfield></datafield><datafield tag="538" ind1=" " ind2=" "><subfield code="a">Mode of access: Internet.</subfield></datafield><datafield tag="541" ind1=" " ind2=" "><subfield code="a">Acquired in the Fall of 1950.</subfield></datafield><datafield tag="546" ind1=" " ind2=" "><subfield code="a">Arabic.</subfield></datafield><datafield tag="561" ind1=" " ind2=" "><subfield code="a">On upper board lining, label with ex libris of James Heyworth-Dunne (d.1974), stamped with inventory number, "Ex Libris | J. Heyworth-Dunne | D. Lit. (London) | No 7781" ; UM Library inscription on label on upper board lining and on p.3 "Dunning | Heyworth-Dunne | 6-11-51 | 71955" ; ownership statement on 'title page' (p.1) in name of Ḥusayn [Ḥasan ?] al-Jarmī ( حسن الجرمي ) ; waqf statement framing colophon on p.129 dated 1287 [1869 or 70] ; possible former inventory mark in pencil on verso of final leaf (p.130) "231 / 53" ; glosses and marginal corrections.</subfield></datafield><datafield tag="600" ind1="1" ind2="0"><subfield code="a">Zanjānī, ʻAbd al-Wahhāb ibn Ibrāhīm,</subfield><subfield code="d">active 1257.</subfield><subfield code="t">Mabādiʼ fī al-taṣrīf.</subfield></datafield><datafield tag="650" ind1=" " ind2="0"><subfield code="a">Manuscripts, Arabic</subfield><subfield code="z">Michigan</subfield><subfield code="z">Ann Arbor.</subfield></datafield><datafield tag="650" ind1=" " ind2="0"><subfield code="a">Arabic language</subfield><subfield code="x">Grammar</subfield><subfield code="v">Early works to 1800.</subfield></datafield><datafield tag="650" ind1=" " ind2="0"><subfield code="a">Arabic language</subfield><subfield code="x">Gender</subfield><subfield code="v">Early works to 1800.</subfield></datafield><datafield tag="650" ind1=" " ind2="0"><subfield code="a">Arabic language</subfield><subfield code="x">Morphology</subfield><subfield code="v">Early works to 1800.</subfield></datafield><datafield tag="700" ind1="1" ind2=" "><subfield code="a">Heyworth-Dunne, J.</subfield><subfield code="q">(James),</subfield><subfield code="e">former owner.</subfield></datafield><datafield tag="700" ind1="0" ind2=" "><subfield code="6">880-05</subfield><subfield code="a">Muḥammad ibn Yūsuf ibn ʻAlī al-Qāhirī,</subfield><subfield code="d">fl. 1676,</subfield><subfield code="e">scribe.</subfield></datafield><datafield tag="773" ind1="0" ind2=" "><subfield code="a">Heyworth-Dunne Collection.</subfield></datafield><datafield tag="880" ind1="0" ind2=" "><subfield code="6">700-05/</subfield><subfield code="a">محمد بن يوسف بن علي القاهري،</subfield><subfield code="e">ناسخ.</subfield></datafield><datafield tag="880" ind1="1" ind2="0"><subfield code="6">245-03/</subfield><subfield code="a">هذا كتاب شرح التصريف للزنجاني,</subfield><subfield code="f">[1087ه، 1676م].</subfield></datafield><datafield tag="880" ind1="1" ind2="0"><subfield code="6">240-02/</subfield><subfield code="a">شرح على التصريف العزي</subfield></datafield><datafield tag="880" ind1="1" ind2=" "><subfield code="6">100-01/</subfield><subfield code="a">تفتازاني، مسعود بن عمر.</subfield></datafield><datafield tag="CID" ind1=" " ind2=" "><subfield code="a">006832859</subfield></datafield><datafield tag="DAT" ind1="0" ind2=" "><subfield code="a">20190719102640.0</subfield><subfield code="b">20190719000000.0</subfield></datafield><datafield tag="DAT" ind1="1" ind2=" "><subfield code="a">20190719090653.0</subfield><subfield code="b">2019-07-19T16:12:23Z</subfield></datafield><datafield tag="DAT" ind1="2" ind2=" "><subfield code="a">2015-10-02T18:00:03Z</subfield></datafield><datafield tag="CAT" ind1=" " ind2=" "><subfield code="a">SDR-MIU</subfield><subfield code="d">EX LIBRIS - ALEPH</subfield><subfield code="l">prepare.pl-004-008</subfield></datafield><datafield tag="FMT" ind1=" " ind2=" "><subfield code="a">BK</subfield></datafield><datafield tag="HOL" ind1=" " ind2=" "><subfield code="0">sdr-miu006832859</subfield><subfield code="a">MiU</subfield><subfield code="b">SDR</subfield><subfield code="c">MIU</subfield><subfield code="p">mdp.39015079131515</subfield><subfield code="s">MIU</subfield><subfield code="1">006832859</subfield></datafield><datafield tag="974" ind1=" " ind2=" "><subfield code="b">MIU</subfield><subfield code="c">MIU</subfield><subfield code="d">20190719</subfield><subfield code="s">lit-dlps-dc</subfield><subfield code="u">mdp.39015079131515</subfield><subfield code="y">1676</subfield><subfield code="r">pd</subfield><subfield code="q">bib</subfield><subfield code="t">non-US bib date1 &lt; 1879</subfield></datafield></record></collection>